@inproceedings{alex,
  title={Imagenet classification with deep convolutional neural networks},
  author={Krizhevsky, Alex and Sutskever, Ilya and Hinton, Geoffrey E},
  booktitle={Advances in neural information processing systems},
  pages={1097--1105},
  year={2012}
}

@inproceedings{Zeiler,
  title={Visualizing and understanding convolutional networks},
  author={Zeiler, Matthew D and Fergus, Rob},
  booktitle={European conference on computer vision},
  pages={818--833},
  year={2014},
  organization={Springer}
}
@inproceedings{karparthy,
  title={Visualizing and understanding convolutional networks},
  author={Zeiler, Matthew D and Fergus, Rob},
  booktitle={European conference on computer vision},
  pages={818--833},
  year={2014},
  organization={Springer}
}


@article{Sander,
  title={Rotation-invariant convolutional neural networks for galaxy morphology prediction},
  author={Dieleman, Sander and Willett, Kyle W and Dambre, Joni},
  journal={Monthly notices of the royal astronomical society},
  volume={450},
  number={2},
  pages={1441--1459},
  year={2015},
  publisher={Oxford University Press}
}